% Encoding: UTF-8

@Book{book,
  title     = {Antennen und Strahlungsfelder},
  publisher = {Vieweg+Teubner},
  year      = {2011},
  author    = {Klaus W. Kark},
}

@Misc{website,
  title        = {Cloverleaf Antennas},
  howpublished = {http://www.antenna-theory.com/antennas/cloverleaf.php},
  year         = {2016},
}

@Misc{web2,
  title        = {Hertzscher Dipol},
  howpublished = {https://www.abiweb.de/physik-elektromagnetismus/elektromagnetische-wellen/hertzscher-dipol.html},
}

@Comment{jabref-meta: databaseType:bibtex;}
